<record><leader>00000cas a22000007a 4500</leader><controlfield tag="001">14948082</controlfield><controlfield tag="008">861210d18751893pauwr ne      0    0eng d</controlfield><datafield ind1=" " ind2=" " tag="010"><subfield code="a">sn 86053996 </subfield></datafield><datafield ind1=" " ind2=" " tag="040"><subfield code="a">NPX</subfield><subfield code="b">eng</subfield><subfield code="c">NPX</subfield><subfield code="d">NPH</subfield><subfield code="d">OCLCQ</subfield></datafield><datafield ind1=" " ind2=" " tag="042"><subfield code="a">msc</subfield></datafield><datafield ind1="0" ind2="0" tag="245"><subfield code="a">Providence independent.</subfield></datafield><datafield ind1=" " ind2=" " tag="260"><subfield code="a">Trappe, Pa. :</subfield><subfield code="b">E.S. Moser,</subfield><subfield code="c">1875-1893.</subfield></datafield><datafield ind1=" " ind2=" " tag="300"><subfield code="a">23 v.</subfield></datafield><datafield ind1=" " ind2=" " tag="310"><subfield code="a">Weekly</subfield></datafield><datafield ind1="0" ind2=" " tag="362"><subfield code="a">Vol. 1, no. 1 (June 3, 1875)- ; -v. 23, whole no. 1196 (June 2, 1893).</subfield></datafield><datafield ind1=" " ind2=" " tag="500"><subfield code="a">"Republican," &lt;1876&gt;.</subfield></datafield><datafield ind1=" " ind2=" " tag="500"><subfield code="a">Published in Collegeville, Pa., &lt;April 1883-&gt;.</subfield></datafield><datafield ind1=" " ind2=" " tag="500"><subfield code="a">Editor: Elwood S. Moser, &lt;1876&gt;.</subfield></datafield><datafield ind1=" " ind2=" " tag="752"><subfield code="a">United States</subfield><subfield code="b">Pennsylvania</subfield><subfield code="c">Montgomery</subfield><subfield code="d">Trappe.</subfield></datafield><datafield ind1=" " ind2=" " tag="752"><subfield code="a">United States</subfield><subfield code="b">Pennsylvania</subfield><subfield code="c">Montgomery</subfield><subfield code="d">Collegeville.</subfield></datafield><datafield ind1="0" ind2="0" tag="785"><subfield code="t">Independent (Collegeville, Pa.)</subfield><subfield code="w">(DLC)sn 87080281</subfield></datafield><datafield ind1="1" ind2=" " tag="029"><subfield code="a">AU@</subfield><subfield code="b">000025798756</subfield></datafield></record>